
@book{montgomery_applied_2018,
	address = {Hoboken, NJ},
	edition = {6},
	title = {Applied {Statistics} and {Probability} for {Engineers}},
	isbn = {978-1-119-40953-3},
	language = {English},
	publisher = {Wiley},
	author = {Montgomery, Douglas C. and George C., Runger},
	year = {2018},
	annote = {Textbook used in the class as provided by professor.
},
}
